@book{pl2text,
  author  = {高田 喜朗},
  title   = {情報学群実験第2テキスト},
  address = {\\ \url{http://www.info.kochi-tech.ac.jp/y-takata/pl2/}},
  year    = {2022}
}
@book{高水準言語,
  author    = {新村 出},
  edition   = {6},
  publisher = {岩波書店},
  title     = {広辞苑 EX-word 搭載版},
  year      = {2008-2015}
}
@book{アルゴリズムとデータ構造,
  title     = {アルゴリズムとデータ構造},
  isbn      = {9784627810228},
  series    = {情報工学レクチャーシリーズ},
  year      = {2016},
  publisher = {森北出版}
}
