@book{armasm,
  title   = {arm immediate balue encoding},
  author  = {alisdair mcdiarmid},
  date    = {jan, 12, 2014},
  address = {\\ \url{https://alisdair.mcdiarmid.org/arm-immediate-value-encoding/}}
}