@book{armasm,
  title   = {arm immediate value encoding},
  author  = {alisdair mcdiarmid},
  date    = {jan, 12, 2014},
  address = {\\ \url{https://alisdair.mcdiarmid.org/arm-immediate-value-encoding/}}
}
@book{armprocesser,
  title     = {改訂 ARMプロセッサ: 32ビットRISCのシステム・アーキテクチャ},
  author    = {Furber, S. and アーム},
  isbn      = {9784789833578},
  series    = {Design wave books},
  url       = {https://books.google.co.jp/books?id=-zCNOwAACAAJ},
  year      = {2001},
  publisher = {CQ出版}
}